@article{halevi2017suitability,
	title={Suitability of Google Scholar as a source of scientific information and as a source of data for scientific evaluationâ€”Review of the literature},
	author={Halevi, Gali and Moed, Henk and Bar-Ilan, Judit},
	journal={Journal of informetrics},
	volume={11},
	number={3},
	pages={823--834},
	year={2017},
	publisher={Elsevier}
}
